%% This BibTeX bibliography file was created using BibDesk.
%% http://bibdesk.sourceforge.net/


%% Created for Eugene Shvarts at 2014-06-08 12:26:57 -0700 


%% Saved with string encoding Unicode (UTF-8) 



@misc{melbourne,
	Date-Added = {2014-06-08 19:25:28 +0000},
	Date-Modified = {2014-06-08 19:26:22 +0000},
	Howpublished = {Time Series Data Library},
	Title = {Daily minimum temperatures in Melbourne, Australia, 1981-1990}}

@book{alex,
	Author = {Alexander Aue},
	Date-Added = {2014-06-08 19:21:22 +0000},
	Date-Modified = {2014-06-08 19:22:47 +0000},
	Title = {Time Series Analysis Lecture Notes},
	Year = {2014}}

@book{shumway,
	Author = {Shumway, Robert H and Stoffer, David S and Stoffer, David S},
	Date-Added = {2014-06-08 19:20:45 +0000},
	Date-Modified = {2014-06-08 19:20:58 +0000},
	Publisher = {Springer New York},
	Title = {Time series analysis and its applications},
	Volume = {3},
	Year = {2000}}

@article{dahlhaus,
	Author = {Dahlhaus, Rainer},
	Date-Added = {2014-06-08 19:20:16 +0000},
	Date-Modified = {2014-06-08 19:20:21 +0000},
	Journal = {The Annals of Statistics},
	Pages = {808--841},
	Publisher = {JSTOR},
	Title = {Small sample effects in time series analysis: a new asymptotic theory and a new estimate},
	Year = {1988}}

@article{bootstrap,
	Author = {Dahlhaus, R and Janas, D and others},
	Date-Added = {2014-06-08 18:48:47 +0000},
	Date-Modified = {2014-06-08 18:48:52 +0000},
	Journal = {The Annals of Statistics},
	Number = {5},
	Pages = {1934--1963},
	Publisher = {Institute of Mathematical Statistics},
	Title = {A frequency domain bootstrap for ratio statistics in time series analysis},
	Volume = {24},
	Year = {1996}}
